@article{higham1993accuracy,
  title={The accuracy of floating point summation},
  author={Higham, Nicholas J},
  journal={SIAM Journal on Scientific Computing},
  volume={14},
  number={4},
  pages={783--799},
  year={1993},
  publisher={SIAM}
}
@article{corless2013graduate,
  title={A graduate introduction to numerical methods},
  author={Corless, Robert M and Fillion, Nicolas},
  journal={AMC},
  volume={10},
  pages={12},
  year={2013},
  publisher={Springer}
}
@book{knuth1997art,
  title={The art of computer programming},
  author={Knuth, Donald Ervin},
  volume={3},
  year={1997},
  publisher={Pearson Education}
}
@book{press2007numerical,
  title={Numerical recipes 3rd edition: The art of scientific computing},
  author={Press, William H},
  year={2007},
  publisher={Cambridge university press}
}
@article{bailey2006ten,
  title={Ten problems in experimental mathematics},
  author={Bailey, David H and Borwein, Jonathan M and Kapoor, Vishaal and Weisstein, Eric W},
  journal={The American Mathematical Monthly},
  volume={113},
  number={6},
  pages={481--509},
  year={2006},
  publisher={JSTOR}
}
@book{gough2009gnu,
  title={GNU scientific library reference manual},
  author={Gough, Brian},
  year={2009},
  publisher={Network Theory Ltd.}
}
@article{weinzierl2000introduction,
  title={Introduction to monte carlo methods},
  author={Weinzierl, Stefan},
  journal={arXiv preprint hep-ph/0006269},
  year={2000}
}
